@article{codd1970relational,
  author = {Codd, E. F.},
  year = {1970},
  title = {A relational model of data for large shared data banks},
  journal = {Communications of the ACM},
  volume = {13},
  number = {6},
  pages = {377--387}
}

@article{chen1976entity,
  author = {Chen, Peter P. S.},
  year = {1976},
  title = {The entity-relationship modelâ€”Toward a unified view of data},
  journal = {ACM Transactions on Database Systems},
  volume = {1},
  number = {1},
  pages = {9--36}
}

@article{brown2023fault,
  author       = {Brown, Scott and Sias, Richard},
  year         = {2023},
  title        = {The Fault in Our Stars: Molecular Genetics and Information Technology Use},
  journal      = {Management Information Systems Quarterly},
  volume       = {47},
  number       = {2},
  pages        = {483--510},
  doi          = {10.25300/MISQ/2022/17075}
}

@article{gupta2018economic,
  author       = {Gupta, Alok and Kannan, Keshav and Sanyal, Prabhudev},
  year         = {2018},
  title        = {Economic Experiments in Information Systems},
  journal      = {Management Information Systems Quarterly},
  volume       = {42},
  number       = {2},
  pages        = {595--606},
  doi          = {10.25300/MISQ/2018/13049}
}

@article{author1year,
  author       = {Author1, A.},
  year         = {Year},
  title        = {Title of the paper},
  journal      = {Journal Name},
  volume       = {Volume},
  number       = {Issue},
  pages        = {pages}
}

@article{author2year,
  author       = {Author2, B.},
  year         = {Year},
  title        = {Title of the paper},
  journal      = {Journal Name},
  volume       = {Volume},
  number       = {Issue},
  pages        = {pages}
}
